
@article{architecture_decisions,
	title = {Architecture Decisions Demystifying Architecture},
	journal = {IEEE Computer Society},
  author = {Tyree, Jeff and Akerman, Art},
	year = {2005},
  note = {\url{http://www.cin.ufpe.br/%7Ejbfan/arquitetura%20de%20software/aritgo%20decis%F5es.pdf}}
}

@article{measuring_productivity,
	title = {Measuring Productivity of Software Development Teams},
  author = {Sudhakar, Goparaju Purna and Farooq, Ayesha and Patnaik, Sanghamitra},
	year = {2011},
  note = {\url{http://www.sjm06.com/SJM ISSN1452-4864/7\_1\_2012\_May\_1\_170/7\_1\_65-75.pdf}}
}


@misc{dropped_eclipse,
	title = {Why we dropped Eclipse in favour of IntelliJ},
	note = {\url{https://plumbr.eu/blog/why-we-dropped-eclipse-in-favour-of-intellij}}
}

@misc{intellij_as_eclipse_user,
	title = {Getting Started with IntelliJ as an Eclipse User},
	note = {\url{http://zeroturnaround.com/rebellabs/getting-started-with-intellij-idea-as-an-eclipse-user/}}
}

@misc{idea_better_eclipse,
	title = {Why DEA is better than Eclipse},
	note = {\url{http://java.dzone.com/articles/why-idea-better-eclipse}}
}

@misc{zero_turnaround,
	title = {Java Tools and Technologies Landscape for 2014},
	note = {\url{http://zeroturnaround.com/rebellabs/java-tools-and-technologies-landscape-for-2014/6/}}
}

@misc{zero_turnaround_2013,
	title = {Developer Productivity Report 2013 - How Engineering Tools and Practices Impact Software Quality and Delivery},
	note = {\url{http://zeroturnaround.com/rebellabs/developer-productivity-report-2013-how-engineering-tools-practices-impact-software-quality-delivery/9/}}
}

@misc{migration,
  title = {IntelliJ IDEA FAQ for Eclipse usersCheckstyle Eclipse Plugin},
	note = {\url{http://www.jetbrains.com/idea/documentation/migration\_faq.html}}
}

@misc{ide_definition,
  title = {Ambiente de desenvolvimento Integrado},
	note = {\url{http://pt.wikipedia.org/wiki/Ambiente\_de\_desenvolvimento\_integrado}}
}

@misc{programming_productivity,
  title = {Programming Productivity},
	note = {\url{http://en.wikipedia.org/wiki/Programming\_productivity}}
}




